<record><leader>00000cas a22000007a 4500</leader><controlfield tag="001">21485367</controlfield><controlfield tag="008">900507d185718uuohumr ne      0    0eng d</controlfield><datafield ind1=" " ind2=" " tag="010"><subfield code="a">sn 91069799 </subfield></datafield><datafield ind1=" " ind2=" " tag="040"><subfield code="a">FBI</subfield><subfield code="b">eng</subfield><subfield code="c">FBI</subfield><subfield code="d">ONP</subfield><subfield code="d">OCLCQ</subfield></datafield><datafield ind1=" " ind2="4" tag="050"><subfield code="a">LH1.D45</subfield><subfield code="b">D45</subfield></datafield><datafield ind1="0" ind2="4" tag="245"><subfield code="a">The Denisonian.</subfield></datafield><datafield ind1=" " ind2=" " tag="260"><subfield code="a">Granville, Ohio :</subfield><subfield code="b">Students of Denison University :</subfield><subfield code="b">Nevins, Book and job printer, Columbus,</subfield><subfield code="c">1857-</subfield></datafield><datafield ind1=" " ind2=" " tag="300"><subfield code="a">v.</subfield></datafield><datafield ind1=" " ind2=" " tag="310"><subfield code="a">Monthly</subfield></datafield><datafield ind1="0" ind2=" " tag="362"><subfield code="a">Vol. 1, no. 1 (Oct. 1857)-</subfield></datafield><datafield ind1=" " ind2=" " tag="500"><subfield code="a">Collegiate newspaper of Denison University.</subfield></datafield><datafield ind1=" " ind2=" " tag="500"><subfield code="a">Editors: J.R.F. Pilcher; H.E. Jones; J.S. Anderson; H.C. Sinnet; J. Rider; H. Fulton; E. Little; I.M. Clemens; E.C. Bardwell.</subfield></datafield><datafield ind1=" " ind2=" " tag="752"><subfield code="a">United States</subfield><subfield code="b">Ohio</subfield><subfield code="c">Licking</subfield><subfield code="d">Granville.</subfield></datafield></record>